@article{a_tool_of_conversation,
author = {Dahiya, Menal},
year = {2017},
month = {05},
pages = {158-161},
title = {A Tool of Conversation: Chatbot},
volume = {5},
journal = {INTERNATIONAL JOURNAL OF COMPUTER SCIENCES AND ENGINEERING}
}