@misc{bahdanau2014neural,
    title={Neural Machine Translation by Jointly Learning to Align and Translate},
    author={Dzmitry Bahdanau and Kyunghyun Cho and Yoshua Bengio},
    year={2014},
    eprint={1409.0473},
    archivePrefix={arXiv},
    primaryClass={cs.CL}
}