@misc{Britz_2015, title={Recurrent Neural Network Tutorial, Part 4 – Implementing a GRU/LSTM RNN with Python and Theano}, url={http://www.wildml.com/2015/10/recurrent-neural-network-tutorial-part-4-implementing-a-grulstm-rnn-with-python-and-theano/}, abstractNote={The code for this post is on Github. This is part 4, the last part of the Recurrent Neural Network Tutorial. The previous parts are: Recurrent Neural Networks Tutorial, Part 1 – Introduction to RNN…}, journal={WildML}, author={Britz, Denny}, year={2015}, month={9} }