@misc{gfg_seq2seq, title={seq2seq model in Machine Learning_2018}, url={https://www.geeksforgeeks.org/seq2seq-model-in-machine-learning/}, abstractNote={A Computer Science portal for geeks. It contains well written, well thought and well explained computer science and programming articles, quizzes and practice/competitive programming/company interview Questions.}, journal={GeeksforGeeks}, year={2018}, month={11} }