@inproceedings{google_s2s,
author = {Sutskever, Ilya and Vinyals, Oriol and Le, Quoc V.},
title = {Sequence to Sequence Learning with Neural Networks},
year = {2014},
publisher = {MIT Press},
address = {Cambridge, MA, USA},
booktitle = {Proceedings of the 27th International Conference on Neural Information Processing Systems - Volume 2},
pages = {3104–3112},
numpages = {9},
location = {Montreal, Canada},
series = {NIPS’14}
}
