@misc{Khandelwal_2020, title={An intuitive explanation of Beam search}, url={https://towardsdatascience.com/an-intuitive-explanation-of-beam-search-9b1d744e7a0f}, abstractNote={Simple to understand explanation of Beam search}, journal={Medium}, author={Khandelwal, Renu}, year={2020}, month={1} }