@misc{Kostadinov_2019, title={Understanding GRU Networks}, url={https://towardsdatascience.com/understanding-gru-networks-2ef37df6c9be}, abstractNote={In this article, I will try to give a fairly simple and understandable explanation of one really fascinating type of neural networkâ€¦}, journal={Medium}, author={Kostadinov, Simeon}, year={2019}, month={10} }