@book{Ma_2020, title={marsan-ma/chat\_corpus}, url={https://github.com/marsan-ma/chat_corpus}, abstractNote={Chat corpus collection from various open sources.}, author={Ma, Marsan}, year={2020}, month={May} }