@misc{racketracer, title={Practical Natural Language Processing with Hostel Reviews 2015}, url={https://www.racketracer.com/2015/11/18/practical-natural-language-processing-for-determing-wifi-quality-in-hostels/}, abstractNote={I was planning my trip to Amsterdam in January and was looking through hostels in Hostel World filtering for different features andâ€¦}, journal={Data Science Jay}, year={2015}, month={Nov} }