@misc{Ramamoorthy2, title={Practical seq2seq}, url={http://suriyadeepan.github.io/2016-12-31-practical-seq2seq//}, abstractNote={Revisiting sequence to sequence learning, with focus on implementation details}, author={Ramamoorthy, Suriyadeepan} }