@misc{Ramamoorthy, title={Chatbots with Seq2Seq}, url={http://suriyadeepan.github.io/2016-06-28-easy-seq2seq//}, abstractNote={Learn to build a chatbot using TensorFlow}, author={Ramamoorthy, Suriyadeepan} }