@misc{rnn-effectiveness, title={The Unreasonable Effectiveness of Recurrent Neural Networks}, url={http://karpathy.github.io/2015/05/21/rnn-effectiveness/}, abstractNote={Musings of a Computer Scientist.} }