@misc{Techlabs_2018, title={How To Develop a Chatbot From Scratch}, url={https://chatbotsmagazine.com/how-to-develop-a-chatbot-from-scratch-62bed1adab8c}, abstractNote={This article will give you the resources and information you need to build or improve your chatbot.}, journal={Medium}, author={Techlabs, Maruti}, year={2018}, month={Dec} }