@misc{tf_masking_padding, title={Masking and padding with Keras | TensorFlow Core}, url={https://www.tensorflow.org/guide/keras/masking_and_padding}, journal={TensorFlow} }