@misc{tf_softmax, title={tf.nn.sampled_softmax_loss | TensorFlow Core v2.2.0}, url={https://www.tensorflow.org/api_docs/python/tf/nn/sampled_softmax_loss}, journal={TensorFlow} }