@misc{tf_wb, title={Word embeddings | TensorFlow Core}, url={https://www.tensorflow.org/tutorials/text/word_embeddings}, journal={TensorFlow} }