@misc{Understanding_LSTM, title={Understanding LSTM Networks -- colahâ€™s blog}, url={http://colah.github.io/posts/2015-08-Understanding-LSTMs/} }